<?xml version="1.0" encoding="UTF-8"?><collection xmlns="http://www.loc.gov/MARC21/slim"><record><leader>00398nam--2200133-i-4500</leader><controlfield tag="001">000003633</controlfield><controlfield tag="002">20161230</controlfield><controlfield tag="005">20161230201025</controlfield><controlfield tag="008">060222s1000------------r-----000-0-eng-d</controlfield><datafield ind1=" " ind2=" " tag="080"><subfield code="a">621.315.027.3</subfield></datafield><datafield ind1=" " ind2=" " tag="100"><subfield code="a">Baudisch, Karl</subfield></datafield><datafield ind1=" " ind2=" " tag="245"><subfield code="a">Energieubertragung mit gleichstrom hoher spannung. mit 199 abbildungen</subfield></datafield><datafield ind1=" " ind2=" " tag="260"><subfield code="a">Berlin, Gottingen, Heidelberg, Sringer- Verlag, 1950 Vii + 309 P</subfield></datafield><datafield ind1=" " ind2=" " tag="852"><subfield code="a">730</subfield></datafield></record></collection>